@electronic{courseroom,
author = {{Linnaeus University}},
title = {Course {R}oom for {D}egree {P}rojects},
year = 2015,
url = {https://mymoodle.lnu.se/course/view.php?id=5297\#section-4}
}
@electronic{ieeeguide,
author = {{Monash University}},
title = {Citing and referencing: {IEEE}},
year = 2015,
month = {Oct. 13},
url = {http://guides.lib.monash.edu/citing-referencing/ieee}
}
@article{bigdata,
author = {C. Lynch},
title = {Big data: {H}ow do your data grow?},
year = 2008,
journal = {Nature},
volume = 455,
pages = {28-29}
}
@book{ai,
author = {S. Russell and P. Norvig},
edition = {3rd},
publisher = {Prentice {H}all},
title = {{Artificial Intelligence: A Modern Approach}},
year = {2010}
}
@InProceedings{bigdata2,
  title={{Big data and cloud computing: current state and future opportunities}},
  booktitle={{Proceedings of the 14th International Conference on Extending Database Technology}},
  author={D. Agrawal and S. Das and A. E. Abbadi},
  pages = {530-533},
  year={2011}
}


